@article{Bernien2017,
  title={Probing many-body dynamics on a 51-atom quantum simulator},
  author={Bernien, Hannes and Schwartz, Sylvain and Keesling, Alexander and Levine, Harry and Omran, Ahmed and Pichler, Hannes and Choi, Soonwon and Zibrov, Alexander S and Endres, Manuel and Greiner, Markus and others},
  journal={Nature},
  volume={551},
  number={7682},
  pages={579},
  year={2017},
  publisher={Nature Publishing Group}
}

@article{a:Cirac_97,
  title = {Quantum {S}tate {T}ransfer and {E}ntanglement {D}istribution amond {D}istant {N}odes in a {Q}uantm {N}etwork},
  author = {Cirac, J. I. and Zoller, P. and Kimble, H.J. and Mabuchi, H.},
  journal = {Phys. Rev. Lett.},
  volume = {78},
  issue = {},
  pages = {3221},
  numpages = {},
  year = {1997},
  month = {},
  publisher = {},
  doi = {},
  url = {}
}

@article{a:Saffman_05,
  title = {Entangling single- and {N}-atom qubits for fast quantum state detection and transmission},
  author = {Saffman, M. and Walker, T. G.},
  journal = {Phys. Rev. A},
  volume = {72},
  issue = {},
  pages = {042302},
  numpages = {},
  year = {2005},
  month = {March},
  publisher = {},
  doi = {},
  url = {}
}


@article{a:Bennett_00,
  title = {Quantum information and computation},
  author = { Bennett, Charles H. and DiVincenzo, David P.},
  journal = {Nature},
  volume = {404},
  issue = {},
  pages = {247},
  numpages = {},
  year = {2000},
  month = {March},
  publisher = {},
  doi = {},
  url = {}
}

@article{a:Szmuk_15,
  title = {Stability of a trapped-atom clock on a chip},
  author = { Szmuk, R. and Dugrain, V. and Maineult, W. and Reichelt, J. and Rosenbusch, P.},
  journal = {Phys. Rev. A},
  volume = {92},
  issue = {},
  pages = {012106},
  numpages = {},
  year = {2015},
  month = {},
  publisher = {},
  doi = {},
  url = {}
}




@article{Cui_2017,
  title = {Optimal control of {R}ydberg lattice gases},
  author = {Cui, Jian and van Bijen, Rick and Pohl, Thomas and Montangero, Simone and Calarco Thomas},
  journal = {arXiv:1702.07358},
  volume = {},
  issue = {},
  pages = {},
  numpages = {},
  year = {2017},
  month = {Feb},
  publisher = {},
  doi = {},
  url = {https://arxiv.org/pdf/1702.07358.pdf}
}


@article{Thaicharoen_2015,
  title = {Measurement of the van der Waals interaction by atom trajectory imaging},
  author = {Thaicharoen, N. and Schwarzkopf, A. and Raithel, G.},
  journal = {Phys. Rev. A},
  volume = {92},
  issue = {4},
  pages = {040701},
  numpages = {5},
  year = {2015},
  month = {Oct},
  publisher = {American Physical Society},
  doi = {10.1103/PhysRevA.92.040701},
  url = {https://link.aps.org/doi/10.1103/PhysRevA.92.040701}
}


@article{Faoro_2016,
  title = {van der Waals explosion of cold Rydberg clusters},
  author = {Faoro, R. and Simonelli, C. and Archimi, M. and Masella, G. and Valado, M. M. and Arimondo, E. and Mannella, R. and Ciampini, D. and Morsch, O.},
  journal = {Phys. Rev. A},
  volume = {93},
  issue = {3},
  pages = {030701},
  numpages = {5},
  year = {2016},
  month = {Mar},
  publisher = {American Physical Society},
  doi = {10.1103/PhysRevA.93.030701},
  url = {https://link.aps.org/doi/10.1103/PhysRevA.93.030701}
}


@article{Pohl_2010,
  title = {Dynamical Crystallization in the Dipole Blockade of Ultracold Atoms},
  author = {Pohl, T. and Demler, E. and Lukin, M. D.},
  journal = {Phys. Rev. Lett.},
  volume = {104},
  issue = {4},
  pages = {043002},
  numpages = {4},
  year = {2010},
  month = {Jan},
  publisher = {American Physical Society},
  doi = {10.1103/PhysRevLett.104.043002},
  url = {https://link.aps.org/doi/10.1103/PhysRevLett.104.043002}
}


@article{VanBijnen_2011,
  title={Adiabatic formation of Rydberg crystals with chirped laser pulses},
  author={Van Bijnen, RMW and Smit, S and Van Leeuwen, KAH and Vredenbregt, EJD and Kokkelmans, SJJMF},
  journal={J. Phys. B},
  volume={44},
  number={18},
  pages={184008},
  year={2011},
  publisher={IOP Publishing}
}

@article{Schachenmayer_2010,
  title={Dynamical crystal creation with polar molecules or Rydberg atoms in optical lattices},
  author={Schachenmayer, J and Lesanovsky, I and Micheli, A and Daley, AJ},
  journal={New J. Phys.},
  volume={12},
  number={10},
  pages={103044},
  year={2010},
  publisher={IOP Publishing}
}

@article{Gisin_2002,
  title = {Quantum cryptography},
  author = {Gisin, Nicolas and Ribordy, Gr\'egoire and Tittel, Wolfgang and Zbinden, Hugo},
  journal = {Rev. Mod. Phys.},
  volume = {74},
  issue = {1},
  pages = {145--195},
  numpages = {0},
  year = {2002},
  month = {Mar},
  publisher = {American Physical Society},
  doi = {10.1103/RevModPhys.74.145},
  url = {https://link.aps.org/doi/10.1103/RevModPhys.74.145}
}


@article{Greiner_2009,
  title={A quantum gas microscope for detecting single atoms in a {H}ubbard-regime optical lattice},
  author={Bakr, Waseem S. and Gillen, Jonathon I. and Peng, Amy and F{\"o}lling, Simon and Greiner, Markus},
  journal={Nature},
  volume={462},
  number={},
  pages={74--78},
  year={2008},
  publisher={Macmillan Publisher Limited}
}

@article{Bloch_2016,
  title={Spin-and density-resolved microscopy of antiferromagnetic correlations in {F}ermi-{H}ubbard chains},
  author={Boll, Martin and Hilker, Timon A. and Salomon Guillaume and Omran, Ahmed and Nespolo, Jacopo and Pollet, Lode and Bloch, Immanuel and Gross, Christian},
  journal={Science},
  volume={353},
  number={6305},
  pages={1257--1260},
  year={2016},
  publisher={American Association for the Advancement of Science}
}

@article{Zwierlein_2015,
  title={Quantum-{G}as {M}icroscopy for {F}ermionic {A}toms},
  author={Cheuk, Lawrence W. and Nichols, Matthew A. and Okan, Melih and Gersdorf, Thomas and Ramasesh, Vinay V. and Bakr, Waseem S. and Lompe, Thomas and Zwierlein, Martin W.},
  journal={Phys. Rev. Lett.},
  volume={114},
  number={},
  pages={193001},
  year={2015},
  publisher={American Physical Society}
}



@article{Barredo_2016,
  title={An atom-by-atom assembler of defect-free arbitrary two-dimensional atomic arrays},
  author={Barredo, Daniel and de L{\'e}s{\'e}leuc, Sylvain and Lienhard, Vincent and Lahaye, Thierry and Browaeys, Antoine},
  journal={Science},
  volume={354},
  number={6315},
  pages={1021--1023},
  year={2016},
  publisher={American Association for the Advancement of Science}
}

@article{Bloch_2012,
  title={Quantum simulations with ultracold quantum gases},
  author={Bloch, Immanuel and Dalibard, Jean and Nascimbene, Sylvain},
  journal={Nat. Phys.},
  volume={8},
  number={4},
  pages={267--276},
  year={2012},
  publisher={Nature Publishing Group}
}

@Article{Bloch_2008,
  Title                    = {Many-body physics with ultracold gases},
  Author                   = {Bloch, Immanuel and Dalibard, Jean and Zwerger, Wilhelm},
  Journal                  = {Rev. Mod. Phys.},
  Year                     = {2008},
  Month                    = {Jul},
  Pages                    = {885--964},
  Volume                   = {80},
  Doi                      = {10.1103/RevModPhys.80.885},
  Issue                    = {3},
  Publisher                = {American Physical Society},
  Url                      = {http://link.aps.org/doi/10.1103/RevModPhys.80.885}
}

@article{Endres_2016,
  title={Atom-by-atom assembly of defect-free one-dimensional cold atom arrays},
  author={Endres, Manuel and Bernien, Hannes and Keesling, Alexander and Levine, Harry and Anschuetz, Eric R and Krajenbrink, Alexandre and Senko, Crystal and Vuletic, Vladan and Greiner, Markus and Lukin, Mikhail D},
  journal={Science},
  pages={aah3752},
  year={2016},
  publisher={American Association for the Advancement of Science}
}

@article{Isenhower_2010,
  title = {Demonstration of a {N}eutral {A}tom {C}ontrolled-{N}OT {Q}uantum {G}ate},
  author = {Isenhower, L. and Urban, E. and Zhang, X. L. and Gill, A. T. and Henage, T. and Johnson, T. A. and Walker, T. G. and Saffman, M.},
  journal = {Phys. Rev. Lett.},
  volume = {104},
  issue = {1},
  pages = {010503},
  numpages = {4},
  year = {2010},
  month = {Jan},
  publisher = {American Physical Society},
  doi = {10.1103/PhysRevLett.104.010503},
  url = {https://link.aps.org/doi/10.1103/PhysRevLett.104.010503}
}

@article{Jau_2016,
  title={Entangling atomic spins with a {R}ydberg-dressed spin-flip blockade},
  author={Jau, Y-Y and Hankin, AM and Keating, T and Deutsch, IH and Biedermann, GW},
  journal={Nature Physics},
  volume={12},
  number={1},
  pages={71--74},
  year={2016},
  publisher={Nature Publishing Group}
}

@ARTICLE{Labuhn_2015,
   author = {{Labuhn}, H. and {Barredo}, D. and {Ravets}, S. and {de L{\'e}s{\'e}leuc}, S. and
	{Macr{\`i}}, T. and {Lahaye}, T. and {Browaeys}, A.},
    title = {Tunable two-dimensional arrays of single Rydberg atoms for realizing quantum Ising models},
    journal = {Nature},
    volume = {534},
    pages = {667},
    year = {2016},
    doi = {10.1038/nature18274}
}

@article{Labuhn_2014,
  title = {Single-atom addressing in microtraps for quantum-state engineering using Rydberg atoms},
  author = {Labuhn, Henning and Ravets, Sylvain and Barredo, Daniel and B\'eguin, Lucas and Nogrette, Florence and Lahaye, Thierry and Browaeys, Antoine},
  journal = {Phys. Rev. A},
  volume = {90},
  issue = {2},
  pages = {023415},
  numpages = {4},
  year = {2014},
  month = {Aug},
  publisher = {American Physical Society},
  doi = {10.1103/PhysRevA.90.023415},
  url = {http://link.aps.org/doi/10.1103/PhysRevA.90.023415}
}

@article{Levi_2014,
  title = {Non-classical correlations in a class of spin chains with long-range interactions and exactly solvable ground states},
  author = {Levi, Emanuele and Lesanovsky, Igor},
  journal = {New J. Phys.},
  volume = {16},
  number = {9},
  pages = {093053},
  year = {2014},
  publisher = {IOP Publishing}
}

@article{Low_2012,
  title={An experimental and theoretical guide to strongly interacting {R}ydberg gases},
  author={L{\"o}w, Robert and Weimer, Hendrik and Nipper, Johannes and Balewski, Jonathan B and Butscher, Bj{\"o}rn and B{\"u}chler, Hans Peter and Pfau, Tilman},
  journal={J. Phys. B},
  volume={45},
  number={11},
  pages={113001},
  year={2012},
  publisher={IOP Publishing}
}

@article{Maller_2015,
  title = {Rydberg-blockade controlled-not gate and entanglement in a two-dimensional array of neutral-atom qubits},
  author = {Maller, K. M. and Lichtman, M. T. and Xia, T. and Sun, Y. and Piotrowicz, M. J. and Carr, A. W. and Isenhower, L. and Saffman, M.},
  journal = {Phys. Rev. A},
  volume = {92},
  issue = {2},
  pages = {022336},
  numpages = {12},
  year = {2015},
  month = {Aug},
  publisher = {American Physical Society},
  doi = {10.1103/PhysRevA.92.022336},
  url = {https://link.aps.org/doi/10.1103/PhysRevA.92.022336}
}

@article{Nogrette_2014,
  title = {{S}ingle-{A}tom {T}rapping in {H}olographic {2D} {A}rrays of {M}icrotraps with {A}rbitrary {G}eometries},
  author = {Nogrette, F. and Labuhn, H. and Ravets, S. and Barredo, D. and B\'eguin, L. and Vernier, A. and Lahaye, T. and Browaeys, A.},
  journal = {Phys. Rev. X},
  volume = {4},
  issue = {2},
  pages = {021034},
  numpages = {9},
  year = {2014},
  month = {May},
  publisher = {American Physical Society},
  doi = {10.1103/PhysRevX.4.021034},
  url = {http://link.aps.org/doi/10.1103/PhysRevX.4.021034}
}

@article{Perez_2007,
  title={Matrix product state representations},
  author={Perez-Garcia, David and Verstraete, Frank and Wolf, Michael M and Cirac, J Ignacio},
  journal={Quantum Inf. Comput.},
  volume={7},
  pages={401},
  year={2007}
}

@article{Saffman_2016,
  title={Quantum computing with atomic qubits and {R}ydberg interactions: progress and challenges},
  author={Saffman, Mark},
  journal={J. Phys. B},
  volume={49},
  number={20},
  pages={202001},
  year={2016},
  publisher={IOP Publishing}
}


@article{Schauss_2015,
  title={Crystallization in {I}sing quantum magnets},
  author={Schau{\ss}, Peter and Zeiher, Johannes and Fukuhara, Takeshi and Hild, S and Cheneau, M and Macr{\`\i}, T and Pohl, T and Bloch, Immanuel and Gro{\ss}, Christian},
  journal={Science},
  volume={347},
  number={6229},
  pages={1455--1458},
  year={2015},
  publisher={American Association for the Advancement of Science}
}

@article{Schollwoeck_2011,
  title={The density-matrix renormalization group in the age of matrix product states},
  author={Schollw{\"o}ck, Ulrich},
  journal={Annals of Physics},
  volume={326},
  number={1},
  pages={96--192},
  year={2011},
  publisher={Elsevier}
}

@article{Schollwoeck_2005,
  title = {The density-matrix renormalization group},
  author = {Schollw\"ock, U.},
  journal = {Rev. Mod. Phys.},
  volume = {77},
  issue = {1},
  pages = {259--315},
  numpages = {0},
  year = {2005},
  month = {Apr},
  publisher = {American Physical Society},
  doi = {10.1103/RevModPhys.77.259},
  url = {https://link.aps.org/doi/10.1103/RevModPhys.77.259}
}


@article{Weimer_2010,
  title={A {R}ydberg quantum simulator},
  author={Weimer, Hendrik and M{\"u}ller, Markus and Lesanovsky, Igor and Zoller, Peter and B{\"u}chler, Hans Peter},
  journal={Nat. Phys.},
  volume={6},
  number={5},
  pages={382--388},
  year={2010},
  publisher={Nature Publishing Group}
}

@Book{Gallagher_1994,
  Title                    = {Rydberg atoms},
  Editor                   = {Gallagher, T. F.},
  Publisher                = {Cambridge University Press},
  Year                     = {1994},

  Address                  = {Cambridge}
}

==================================================================================================================


@article{a_Localization,
    author = "Matteo Marcuzzi et al.",
     title = "Localization phenomena in interacting {R}ydberg lattice gases with position disorder",
    journal = "arXiv:160706295",
    volume = "",
    year = "2016",
    month = Jul,
          number        = "",
          pages = ""
}


@article{a_Wang_arxiv_16,
    author = "Da-Wei Wang",
    title = "Sewing {G}reenberg-{H}orne-{Z}eilinger states with a quantum zipper",
    journal = "arXiv:1609.08589",
    volume = "",
    year = "2016",
    month = Sep,
          number        = "",
          pages = ""
}





@article{a_Lesanovsky_PRL_11,
    author = "Igor Lesanovsky",
     title = "Many-{B}ody {S}pin {I}nteractions and {G}round {S}tate of a {D}ense {R}ydberg {L}attice {G}as",
    journal = "Phys. Rev. Lett",
    volume = "106",
    year = "2011",
    month = "",
          number        = "",
          pages = "025301"
}
#
@article{a_Rokhsar_PRL_88,
    author = "D.S. Rokhsar and S. A. Kievelson",
     title = "Superconductivity and the {Q}uantum {H}ard-{C}ore {D}imer {G}as",
    journal = "Phys. Rev. Lett",
    volume = "61",
    year = "1988",
    month = "",
          number        = "",
          pages = "2376"
}
#
@article{a_Molmer_PRL_99,
    author = "K. M\o lmer and A. S\o rensen",
     title = "Multiparticle {E}ntanglement of {H}ot {T}rapped {I}ons",
    journal = "Phys. Rev. Lett",
    volume = "82",
    year = "1999",
    month = "",
    number        = "",
    pages = "1835"
}


@article{a_Giovannetti_Science_04,
    author = "Vittorio Giovannetti and Seth Lloyd and Lorenzo Maccone",
     title = "Quantum-{E}nhanced {M}easuements: {B}eating the {S}tandard {Q}uantum {L}imit",
    journal = "Science",
    volume = "306",
    year = "2004",
    month = "",
          number        = "",
          pages = "1330"
}


@article{a_Monz_PRL_11,
    author = "Thomas Monz and Philipp Schindler and Julio T. Barreiro and Michael Chwalla and Daniel Nigg and William A. Coish and Maximilian Harlander and Wolfgang H{\"a}nsel and Markus Hennrich and Rainer Blatt",
     title = "14-{Q}ubit {E}ntanglement: {C}reation and {C}oherence",
   journal = "Phys. Rev. Lett",
    volume = "106",
    year = "2011",
    month = "",
          number        = "",
          pages = "130506"
}


@article{a_Hogan_PRL_12,
    author = "S.D. Hogan et al.",
     title = "Driving {R}ydberg-{R}ydberg {T}ransitions from a {C}oplanar {M}icrowave {W}aveguide",
    journal = "Phys. Rev. Lett",
    volume = "108",
    year = "2012",
    month = "",
          number        = "",
          pages = "063004"
}

@article{a_Levi_NJP_14,
    author = "Emanuele Levi and Igor Lesanovsky",
     title = "Non-classical correlations in a class of spin chains with long-range interactions ans exactly solvable ground states",
    journal = "New J. Phys.",
    volume = "106",
    year = "2014",
    month = "",
          number        = "",
          pages = "093053"
}

@article{a_Saffman_RMP_10,
    author = "M. Saffman and T.G. Walker and K. M{\o}lmer",
     title = "Quantum information with {R}ydberg atoms",
    journal = "Rev. Mod. Phys.",
    volume = "82",
    year = "2010",
    month = "",
          number        = "",
          pages = "2313"
}



@article{a_Petrosyan_arxiv_16,
    author = "David Petrosyan and Klaus M\o lmer and Michael Fleischhauer",
     title = "On the adiabatic preparation of spatially-ordered Rydberg excitations of atoms on a one-dimensional optical lattice by laser frequency sweeps",
    journal = "J. Phys. B",
    volume = "49",
    year = "2016",
    month = "",
          number        = "",
          pages = "084003"
}

@article{a_Bennett_PRL_93,
    author = "Charles H. Bennet and Gilles Brassard and Claude Cr\'{e}peau and Richard Josza and Asher Peres and William K. Wootters",
     title = "Teleporting an Unkown Quantum State via Dual Classical and {E}instein-{P}odolsky-{R}osen Channels",
    journal = "Phys. Rev. Lett.",
    volume = "70",
    year = "1993",
    month = "",
          number        = "",
          pages = "1895"
}

@article{a_Steffen_nature_13,
    author = "L. Steffen and Y. Salathe and M. Oppliger and P. Kurpiers and M. Baur and C. Lang and C. Eichler and G. Puebla-Hellmann and A. Fedorov and A. Wallraff",
     title = "Deterministic quantum teleportation with feed-forward in a solid state system",
    journal = "Nature",
    volume = "500",
    year = "2013",
    month = "",
          number        = "",
          pages = "319"
}

@article{a_Venuti_arXiv_07,
    author = "L. C. Venuti and S.M. Giampaolo and F. Illuminati and P. Zanardi",
     title = "Long-distance entanglement and quantum teleportation in {XX} spin chains",
    journal = "Phys. Rev. A",
    volume = "76",
    year = "2007",
    month = "Aug",
          number        = "",
          pages = "052328"
}

@article{a_Barrett_nature_04,
    author = "M. D. Barrett and J. Chiaverini and T. Schaetz and J. Britton and W.M Itano and J.D. Jost and E. Knill and C. Langer and R. Ozeri and D.J. Wineland",
     title = "Deterministic quantum teleportation of atomic qubits",
    journal = "Nature",
    volume = "429",
    year = "2004",
    month = "",
          number        = "",
          pages = "737"
}

@article{a_Riebe_Nature_04,
    author = "M. Riebe and H. H{\"a}ffner and C.F. Roos and W. H{\"a}nsel and J. Benhelm and G. P. T. Lancaster and T. W. K{\"o}rber and C. Becher and F. Schmidt-Kaler and D. F. V. James and R. Blatt ",
     title = "Deterministic quantum teleportation with atoms",
    journal = "Nature",
    volume = "429",
    year = "2004",
    month = "",
          number        = "",
          pages = "734"
}
@article{a_Marcuzzi_PRL_17,
    author = {Matteo Marcuzzi and Ji\v{r}\'{i}  Min{\'a}\v{r} and Daniel Barredo and Sylvain de L\'{e}s\'{e}leuc and Henning Labuhn and Thierry Lahaye and Antoine Browaeys and Emanuele Levi and Igor Lesanovsky},
     title = "Facilitation {D}ynamics and {L}ocalization {P}henomena in {R}ydberg {L}attice {G}ases with {P}osition {D}isorder",
    journal = "Phys. Rev. Lett.",
    volume = "118",
    year = "2017",
    month = "",
          number        = "",
          pages = "063606"
}
@article{a_Lesanovsky_PRL_12,
    author = "Igor Lesanovsky",
     title = "Liquid {G}round {S}tate, {G}ap and {E}xcited {S}tates of a {S}trongly {C}orrelated {S}pin {C}hain",
    journal = "Phys. Rev. Lett.",
    volume = "108",
    year = "2012",
    month = "",
          number        = "",
          pages = "105301"
}

@article{a_Einstein_PR,
    author = "A. Einstein and B. Podolsky and N.Rosen",
     title = "Can {Q}uantum-{M}echanical {D}escription of {P}hysical {R}eality {B}e {C}onsidered {C}omplete?",
    journal = "Phys. Rev.",
    volume = "47",
    year = "1935",
    month = "",
          number        = "",
          pages = "777"
}


%%%%%%%%%%%%%%%%%%%%%%%%%%%
 @article{av:1a,
}    author = "Kay R{\"o}mer",
     title = "Programming Paradigms and Middleware for Sensor Networks",
    journal = "GI/ITG Fachgespr{\"a}ch Sensornetze, Karlsruhe",
    volume = "Jahrgang 3",
    year = "2004",
    month = feb,
	  number	= "3",
	  pages = "33-35"
}



@BOOKLET{bokv,
    key = "Otto 2004",
    editor = "{Otto GmbH \& Co KG}",
    title = "Grunds{\"a}tze",
    month = "",
    year = "",
    url = "http://www.otto.com/umwelt/umwelt_grundindex.html",
    l3astchecked = "5.\,Okt.\,2004",
    note = "Einstiegsseite zum Unternehmensleitbild",
}

@inbook {ibv:1a1e,
    author = {M. Broy},
    editor = {M. Editor},
    title = {{Object-oriented Programming and Software Development - A Critical Assessment}},
    pages = {211 - 222},
    EDITION =	 {1st},
    publisher = {Springer},
    year = {2002},
    chapter = {4},
  	ADDRESS =	 {Rudower Chaussee},
  	isbn = "3-540-21835-1",
  	note = {Hier stehen die Anmerkungen.}
}

@INCOLLECTION{ic:1a,
AUTHOR={Fichter Josef},
TITLE={Harmonisierung in den versch. Bereichen des Patentwesens},
BOOKTITLE={Patente und Schutzrechte},
EDITOR={Rafeiner Otmar},
EDITION={2.},
ADDRESS =	 {Rudower Chaussee},
chapter = {4},
PAGES={18-26},
YEAR={1993},
PUBLISHER={Manz Wien},
note = {Hier stehen die Anmerkungen.}
}

@INPROCEEDINGS{ipcv:Xa,
   AUTHOR = {Z. Salah and D. Bartz and F. Dammann and E. Schwaderer and M. Maassen and W. Stra{\ss}er},
   TITLE = {{A Fast and Accurate Approach for the Segmentation of the Paranasal Sinus}},
   BOOKTITLE = {Proc. of Workshop Bildverarbeitung in der Medizin},
   SERIES = {Informatik Aktuell},
   PAGES = {3000},
   YEAR = {2005},
   KEYWORDS = {GRIS},
   ADDRESS =	 {Rudower Chaussee},
   publisher = {herausgebende Organisation },
       isbn = "3-540-21835-1",
}

@inproceedings{ip:2a0h,
    author = "Vlad Coroama and Felix R{\"o}thenbacher",
    title = "The Chatty Environment",
    booktitle = "Demo at the Second Conference on Pervasive Computing and Communications (PerCom 2004)",
    year = "2004",
    month = mar,
    day = "14-17",
    address = "Orlando, Florida"
}



@mastersthesis{mthesis,
author = {Stephan Weibelzahl},
title = {Conception, Implementation, and Evaluation of a Case based learnin System for sales support in the internet},
year = {1999},
school = {Universit\"at Trier}
}

@Manual{manual,
  title = 	 {Sizzle Embedding Manual},
  author =	 {Martin Grabm{\"u}ller},
  edition =	 {0.0.30},
  month =	 {December},
  year =	 {2000},
  organization = {HU Berlin},
  address = {Rudower Chaussee},
  note = {This manual documents how to embed the Sizzle library into
              programs written in the C programming language.  Programs
              which embed Sizzle can make use of Scheme as an extension
              language.}
}

@misc{m:2a0h,
    author = "Kay R{\"o}mer and Friedemann Mattern",
    title = "Scientific Report on the ESF Exploratory Workshop on Wireless Sensor Networks",
    year = "2004",
    month = jun,
    howpublished = "http://www.vs.inf.ethz.ch/publ/papers/esfreport.pdf"
}

@phdthesis{phdthesis,
  author = {Th. Hermes},
  title = {Texturen: Analyse, Beschreibung und Synthese},
  school = {Universit�t Bremen, FB 3},
  year = {1999},
  note = {erschienen in der DISKI-Reihe mit der Nummer 216}
}


}@proceedings{p:0a2h,
    editor = "Alois Ferscha and Friedemann Mattern",
    title = "Pervasive Computing (Proceedings of PERVASIVE 2004, Second International Conference on Pervasive Computing)",
    series = "LNCS",
    number = "3001",
    publisher = "Springer-Verlag",
    isbn = "3-540-21835-1",
    year = "2004",
    month = apr,
    day = "18-23",
    address = "Lienz/Vienna, Austria",
    note = {Online version of the proceedings at www.springerlink.com}
}



@TechReport{techreport,
  author	= "Kurt Lautenbach",
  title		= "{Logical Reasoning and Petri Nets}",
  publisher	= "{Universit{\"a}t Koblenz-Landau}",
  year		= "{2002}",
  type		= "Fachberichte Informatik",
  number	= "12--2002",
  language	= "english",
  address	= "Universit{\"a}t Koblenz-Landau, Institut f{\"u}r
		  Informatik, Rheinau 1, D-56075 Koblenz",
  url		= "http://www.uni-koblenz.de/fb4/publikationen/gelbereihe/RR-12-2002.pdf"
		  ,
  note	= "The main result of the paper states that a set $F$ of
		  propositional-logic formulas is contradictory iff in all
		  net representations of $F$ the empty marking is
		  reproducible."
}

@unpublished{unpublished,
  author = { Lars Gemeinhardt },
  school = { Technische Universitaet Chemnitz },
  title = { Diplomarbeit - WebIS: Ein web-orientiertes Informationssystem (WEBIS) },
  year = { 2001 }
}


@article{a_Castelnovo_2005,
title = {From quantum mechanics to classical statistical physics: Generalized {R}okhsar {K}ivelson {H}amiltonians and the {S}tochastic {M}atrix {F}orm decomposition},
journal = "Annals of Physics",
volume = "318",
number = "2",
pages = "316 - 344",
year = "2005",
note = "",
issn = "0003-4916",
doi = "http://dx.doi.org/10.1016/j.aop.2005.01.006",
url = "http://www.sciencedirect.com/science/article/pii/S0003491605000096",
author = "Claudio Castelnovo and Claudio Chamon and Christopher Mudry and Pierre Pujol",
keywords = "Quantum dimers",
keywords = "Loop models",
keywords = "Rokhsar–Kivelson Hamiltonians",
keywords = "Master equation",
keywords = "Transition matrix"
}


@article{kinoshita2004,
  title={Observation of a one-dimensional Tonks-Girardeau gas},
  author={Kinoshita, Toshiya and Wenger, Trevor and Weiss, David S},
  journal={Science},
  volume={305},
  number={5687},
  pages={1125--1128},
  year={2004},
  publisher={American Association for the Advancement of Science}
}

@article{hofferberth2007,
  title={Probing quantum and thermal noise in an interacting many-body system},
  author={Hofferberth, S and Lesanovsky, Igor and Schumm, Thorsten and Imambekov, A and Gritsev, V and Demler, E and Schmiedmayer, J{\"o}rg},
  journal={arXiv preprint arXiv:0710.1575},
  year={2007}
}

@article{greiner2002,
  title={Quantum phase transition from a superfluid to a Mott insulator in a gas of ultracold atoms},
  author={Greiner, Markus and Mandel, Olaf and Esslinger, Tilman and H{\"a}nsch, Theodor W and Bloch, Immanuel},
  journal={nature},
  volume={415},
  number={6867},
  pages={39--44},
  year={2002},
  publisher={Nature Publishing Group}
}

@article{greiner2003,
  title={Quantum phase transition from a superfluid to a Mott insulator in an ultracold gas of atoms},
  author={Greiner, Markus and Mandel, Olaf and Rom, Tim and Altmeyer, Alexander and Widera, Artur and H{\"a}nsch, TW and Bloch, Immanuel},
  journal={Physica B: Condensed Matter},
  volume={329},
  pages={11--12},
  year={2003},
  publisher={Elsevier}
}

@article{Kohl2005,
  title = {Fermionic Atoms in a Three Dimensional Optical Lattice: Observing Fermi Surfaces, Dynamics, and Interactions},
  author = {K\"ohl, Michael and Moritz, Henning and St\"oferle, Thilo and G\"unter, Kenneth and Esslinger, Tilman},
  journal = {Phys. Rev. Lett.},
  volume = {94},
  issue = {8},
  pages = {080403},
  numpages = {4},
  year = {2005},
  month = {Mar},
  publisher = {American Physical Society},
  doi = {10.1103/PhysRevLett.94.080403},
  url = {https://link.aps.org/doi/10.1103/PhysRevLett.94.080403}
}

@article{hadzibabic2006,
  title={Berezinskii--Kosterlitz--Thouless crossover in a trapped atomic gas},
  author={Hadzibabic, Zoran and Kr{\"u}ger, Peter and Cheneau, Marc and Battelier, Baptiste and Dalibard, Jean},
  journal={Nature},
  volume={441},
  number={7097},
  pages={1118--1121},
  year={2006},
  publisher={Nature Publishing Group}
}


@article{cheneau2012,
  title={Light-cone-like spreading of correlations in a quantum many-body system},
  author={Cheneau, Marc and Barmettler, Peter and Poletti, Dario and Endres, Manuel and Schau{\ss}, Peter and Fukuhara, Takeshi and Gross, Christian and Bloch, Immanuel and Kollath, Corinna and Kuhr, Stefan},
  journal={Nature},
  volume={481},
  number={7382},
  pages={484--487},
  year={2012},
  publisher={Nature Research}
}

@article{greiner2002_revival,
  title={Collapse and revival of the matter wave field of a Bose--Einstein condensate},
  author={Greiner, Markus and Mandel, Olaf and H{\"a}nsch, Theodor W and Bloch, Immanuel},
  journal={Nature},
  volume={419},
  number={6902},
  pages={51--54},
  year={2002},
  publisher={Nature Publishing Group}
}

@article{Jaksch2000,
  title = {Fast Quantum Gates for Neutral Atoms},
  author = {Jaksch, D. and Cirac, J. I. and Zoller, P. and Rolston, S. L. and C\^ot\'e, R. and Lukin, M. D.},
  journal = {Phys. Rev. Lett.},
  volume = {85},
  issue = {10},
  pages = {2208--2211},
  numpages = {0},
  year = {2000},
  month = {Sep},
  publisher = {American Physical Society},
  doi = {10.1103/PhysRevLett.85.2208},
  url = {https://link.aps.org/doi/10.1103/PhysRevLett.85.2208}
}

@article{Weimer2010,
  title = {Two-Stage Melting in Systems of Strongly Interacting Rydberg Atoms},
  author = {Weimer, Hendrik and B\"uchler, Hans Peter},
  journal = {Phys. Rev. Lett.},
  volume = {105},
  issue = {23},
  pages = {230403},
  numpages = {4},
  year = {2010},
  month = {Nov},
  publisher = {American Physical Society},
  doi = {10.1103/PhysRevLett.105.230403},
  url = {https://link.aps.org/doi/10.1103/PhysRevLett.105.230403}
}

@article{Lan2016,
  title = {Quantum melting of two-component Rydberg crystals},
  author = {Lan, Zhihao and Li, Weibin and Lesanovsky, Igor},
  journal = {Phys. Rev. A},
  volume = {94},
  issue = {5},
  pages = {051603},
  numpages = {6},
  year = {2016},
  month = {Nov},
  publisher = {American Physical Society},
  doi = {10.1103/PhysRevA.94.051603},
  url = {https://link.aps.org/doi/10.1103/PhysRevA.94.051603}
}

@article{Levi2016,
  author={Emanuele Levi and Ji\v{r}í Min\'{a}\v{r} and Igor Lesanovsky},
  title={Crystalline structures in a one-dimensional two-component lattice gas with 1/r  α interactions},
  journal={Journal of Statistical Mechanics: Theory and Experiment},
  volume={2016},
  number={3},
  pages={033111},
  url={http://stacks.iop.org/1742-5468/2016/i=3/a=033111},
  year={2016},
  abstract={We investigate the ground state of a one-dimensional lattice system that hosts two different kinds of excitations (species) which interact with a power-law potential. Interactions are only present between excitations of the same kind and the interaction strength can be species-dependent. For the case in which only one excitation is permitted per site we derive a prescription for determining the ground state configuration as a function of the filling fractions of the two species. We show that depending on the filling fractions compatible or incompatible phases emerge. Furthermore, we discuss in detail the case in which one species is strongly and the other one weakly interacting. In this case the configuration of the strongly interacting (strong) species can be considered frozen and forms an effective inhomogeneous lattice for the other (weak) species. In this limit we work out in detail the microscopic ground state configuration and show that by varying the density of the weak species a series of compatible–incompatible transitions occurs. Finally, we determine the stability regions of the weak species in the compatible phase and compare it with numerical simulations.}
}


@article{Lan2015,
  title = {Emergent Devil's Staircase without Particle-Hole Symmetry in Rydberg Quantum Gases with Competing Attractive and Repulsive Interactions},
  author = {Lan, Zhihao and Min\'{a}\v{r}, Ji\v{r}í and Levi, Emanuele and Li, Weibin and Lesanovsky, Igor},
  journal = {Phys. Rev. Lett.},
  volume = {115},
  issue = {20},
  pages = {203001},
  numpages = {5},
  year = {2015},
  month = {Nov},
  publisher = {American Physical Society},
  doi = {10.1103/PhysRevLett.115.203001},
  url = {https://link.aps.org/doi/10.1103/PhysRevLett.115.203001}
}

@article{Schempp2014,
  title = {Full Counting Statistics of Laser Excited Rydberg Aggregates in a One-Dimensional Geometry},
  author = {Schempp, H. and G\"unter, G. and Robert-de-Saint-Vincent, M. and Hofmann, C. S. and Breyel, D. and Komnik, A. and Sch\"onleber, D. W. and G\"arttner, M. and Evers, J. and Whitlock, S. and Weidem\"uller, M.},
  journal = {Phys. Rev. Lett.},
  volume = {112},
  issue = {1},
  pages = {013002},
  numpages = {5},
  year = {2014},
  month = {Jan},
  publisher = {American Physical Society},
  doi = {10.1103/PhysRevLett.112.013002},
  url = {https://link.aps.org/doi/10.1103/PhysRevLett.112.013002}
}


@article{Low2009,
  title = {Universal scaling in a strongly interacting Rydberg gas},
  author = {L\"ow, Robert and Weimer, Hendrik and Krohn, Ulrich and Heidemann, Rolf and Bendkowsky, Vera and Butscher, Bj\"orn and B\"uchler, Hans Peter and Pfau, Tilman},
  journal = {Phys. Rev. A},
  volume = {80},
  issue = {3},
  pages = {033422},
  numpages = {5},
  year = {2009},
  month = {Sep},
  publisher = {American Physical Society},
  doi = {10.1103/PhysRevA.80.033422},
  url = {https://link.aps.org/doi/10.1103/PhysRevA.80.033422}
}

@article{Sibalic2016,
  title = {Driven-dissipative many-body systems with mixed power-law interactions: Bistabilities and temperature-driven nonequilibrium phase transitions},
  author = {\ifmmode \check{S}\else \v{S}\fi{}ibali\ifmmode \acute{c}\else \'{c}\fi{}, N. and Wade, C. G. and Adams, C. S. and Weatherill, K. J. and Pohl, T.},
  journal = {Phys. Rev. A},
  volume = {94},
  issue = {1},
  pages = {011401},
  numpages = {6},
  year = {2016},
  month = {Jul},
  publisher = {American Physical Society},
  doi = {10.1103/PhysRevA.94.011401},
  url = {https://link.aps.org/doi/10.1103/PhysRevA.94.011401}
}


@article{Carr2013,
  title = {Nonequilibrium Phase Transition in a Dilute Rydberg Ensemble},
  author = {Carr, C. and Ritter, R. and Wade, C. G. and Adams, C. S. and Weatherill, K. J.},
  journal = {Phys. Rev. Lett.},
  volume = {111},
  issue = {11},
  pages = {113901},
  numpages = {5},
  year = {2013},
  month = {Sep},
  publisher = {American Physical Society},
  doi = {10.1103/PhysRevLett.111.113901},
  url = {https://link.aps.org/doi/10.1103/PhysRevLett.111.113901}
}

@article{Marcuzzi2014,
  title = {Universal Nonequilibrium Properties of Dissipative Rydberg Gases},
  author = {Marcuzzi, Matteo and Levi, Emanuele and Diehl, Sebastian and Garrahan, Juan P. and Lesanovsky, Igor},
  journal = {Phys. Rev. Lett.},
  volume = {113},
  issue = {21},
  pages = {210401},
  numpages = {6},
  year = {2014},
  month = {Nov},
  publisher = {American Physical Society},
  doi = {10.1103/PhysRevLett.113.210401},
  url = {https://link.aps.org/doi/10.1103/PhysRevLett.113.210401}
}


@article{Lesanovsky2013,
  title = {Kinetic Constraints, Hierarchical Relaxation, and Onset of Glassiness in Strongly Interacting and Dissipative Rydberg Gases},
  author = {Lesanovsky, Igor and Garrahan, Juan P.},
  journal = {Phys. Rev. Lett.},
  volume = {111},
  issue = {21},
  pages = {215305},
  numpages = {5},
  year = {2013},
  month = {Nov},
  publisher = {American Physical Society},
  doi = {10.1103/PhysRevLett.111.215305},
  url = {https://link.aps.org/doi/10.1103/PhysRevLett.111.215305}
}


@article{Gutierrez2015,
  title = {Self-similar nonequilibrium dynamics of a many-body system with power-law interactions},
  author = {Guti\'errez, Ricardo and Garrahan, Juan P. and Lesanovsky, Igor},
  journal = {Phys. Rev. E},
  volume = {92},
  issue = {6},
  pages = {062144},
  numpages = {8},
  year = {2015},
  month = {Dec},
  publisher = {American Physical Society},
  doi = {10.1103/PhysRevE.92.062144},
  url = {https://link.aps.org/doi/10.1103/PhysRevE.92.062144}
}




# # # # # # FACILITATION LIST # # # # #

@article{Amthor_2010,
  title = {Evidence of Antiblockade in an Ultracold Rydberg Gas},
  author = {Amthor, Thomas and Giese, Christian and Hofmann, Christoph S. and Weidem\"uller, Matthias},
  journal = {Phys. Rev. Lett.},
  volume = {104},
  issue = {1},
  pages = {013001},
  numpages = {4},
  year = {2010},
  month = {Jan},
  publisher = {American Physical Society},
  doi = {10.1103/PhysRevLett.104.013001},
  url = {http://link.aps.org/doi/10.1103/PhysRevLett.104.013001}
}


@article{Ates_2007,
  title = {Antiblockade in Rydberg Excitation of an Ultracold Lattice Gas},
  author = {Ates, C. and Pohl, T. and Pattard, T. and Rost, J. M.},
  journal = {Phys. Rev. Lett.},
  volume = {98},
  issue = {2},
  pages = {023002},
  numpages = {4},
  year = {2007},
  month = {Jan},
  publisher = {American Physical Society},
  doi = {10.1103/PhysRevLett.98.023002},
  url = {http://link.aps.org/doi/10.1103/PhysRevLett.98.023002}
}

@article{Garttner_2013,
  title = {Dynamic formation of Rydberg aggregates at off-resonant excitation},
  author = {G\"arttner, Martin and Heeg, Kilian P. and Gasenzer, Thomas and Evers, J\"org},
  journal = {Phys. Rev. A},
  volume = {88},
  issue = {4},
  pages = {043410},
  numpages = {7},
  year = {2013},
  month = {Oct},
  publisher = {American Physical Society},
  doi = {10.1103/PhysRevA.88.043410},
  url = {http://link.aps.org/doi/10.1103/PhysRevA.88.043410}
}


@article{schonleber2014,
  title={Coherent versus incoherent excitation dynamics in dissipative many-body Rydberg systems},
  author={Sch{\"o}nleber, David W and G{\"a}rttner, Martin and Evers, J{\"o}rg},
  journal={Phys. Rev. A},
  volume={89},
  number={3},
  pages={033421},
  year={2014},
  publisher={APS}
}

@article{Lesanovsky_2014,
  title = {Out-of-equilibrium structures in strongly interacting Rydberg gases with dissipation},
  author = {Lesanovsky, Igor and Garrahan, Juan P.},
  journal = {Phys. Rev. A},
  volume = {90},
  issue = {1},
  pages = {011603},
  numpages = {5},
  year = {2014},
  month = {Jul},
  publisher = {American Physical Society},
  doi = {10.1103/PhysRevA.90.011603},
  url = {http://link.aps.org/doi/10.1103/PhysRevA.90.011603}
}


@article{Urvoy_2015,
  title = {Strongly Correlated Growth of Rydberg Aggregates in a Vapor Cell},
  author = {Urvoy, A. and Ripka, F. and Lesanovsky, I. and Booth, D. and Shaffer, J. P. and Pfau, T. and L\"ow, R.},
  journal = {Phys. Rev. Lett.},
  volume = {114},
  issue = {20},
  pages = {203002},
  numpages = {5},
  year = {2015},
  month = {May},
  publisher = {American Physical Society},
  doi = {10.1103/PhysRevLett.114.203002},
  url = {http://link.aps.org/doi/10.1103/PhysRevLett.114.203002}
}


@article{Valado_2016,
  title = {Experimental observation of controllable kinetic constraints in a cold atomic gas},
  author = {Valado, M. M. and Simonelli, C. and Hoogerland, M. D. and Lesanovsky, I. and Garrahan, J. P. and Arimondo, E. and Ciampini, D. and Morsch, O.},
  journal = {Phys. Rev. A},
  volume = {93},
  issue = {4},
  pages = {040701},
  numpages = {5},
  year = {2016},
  month = {Apr},
  publisher = {American Physical Society},
  doi = {10.1103/PhysRevA.93.040701},
  url = {http://link.aps.org/doi/10.1103/PhysRevA.93.040701}
}

### ### ### ### ### ### ### ### ### ### ### ### ### ###


@article{CPE2017,
  title = {Epidemic Dynamics in Open Quantum Spin Systems},
  author = {P\'erez-Espigares, Carlos and Marcuzzi, Matteo and Guti\'errez, Ricardo and Lesanovsky, Igor},
  journal = {Phys. Rev. Lett.},
  volume = {119},
  issue = {14},
  pages = {140401},
  numpages = {6},
  year = {2017},
  month = {Oct},
  publisher = {American Physical Society},
  doi = {10.1103/PhysRevLett.119.140401},
  url = {https://link.aps.org/doi/10.1103/PhysRevLett.119.140401}
}

@article{Buchhold2017,
  title = {Nonequilibrium effective field theory for absorbing state phase transitions in driven open quantum spin systems},
  author = {Buchhold, Michael and Everest, Benjamin and Marcuzzi, Matteo and Lesanovsky, Igor and Diehl, Sebastian},
  journal = {Phys. Rev. B},
  volume = {95},
  issue = {1},
  pages = {014308},
  numpages = {31},
  year = {2017},
  month = {Jan},
  publisher = {American Physical Society},
  doi = {10.1103/PhysRevB.95.014308},
  url = {https://link.aps.org/doi/10.1103/PhysRevB.95.014308}
}

@article{Marcuzzi2016,
  title = {Absorbing State Phase Transition with Competing Quantum and Classical Fluctuations},
  author = {Marcuzzi, Matteo and Buchhold, Michael and Diehl, Sebastian and Lesanovsky, Igor},
  journal = {Phys. Rev. Lett.},
  volume = {116},
  issue = {24},
  pages = {245701},
  numpages = {7},
  year = {2016},
  month = {Jun},
  publisher = {American Physical Society},
  doi = {10.1103/PhysRevLett.116.245701},
  url = {https://link.aps.org/doi/10.1103/PhysRevLett.116.245701}
}


@article{Anderson1958,
  title = {Absence of Diffusion in Certain Random Lattices},
  author = {Anderson, P. W.},
  journal = {Phys. Rev.},
  volume = {109},
  issue = {5},
  pages = {1492--1505},
  numpages = {0},
  year = {1958},
  month = {Mar},
  publisher = {American Physical Society},
  doi = {10.1103/PhysRev.109.1492},
  url = {http://link.aps.org/doi/10.1103/PhysRev.109.1492}
}

@article{Mott1961,
author = { N.F.   Mott  and  W.D.   Twose },
title = {The theory of impurity conduction},
journal = {Advances in Physics},
volume = {10},
number = {38},
pages = {107-163},
year = {1961},
doi = {10.1080/00018736100101271}
}


@article{Ishii1973,
  title={Localization of eigenstates and transport phenomena in the one-dimensional disordered system},
  author={Ishii, Kazushige},
  journal={Progress of Theoretical Physics Supplement},
  volume={53},
  pages={77--138},
  year={1973},
  publisher={Oxford University Press}
}

@article{Gornyi2005,
  title = {Interacting Electrons in Disordered Wires: Anderson Localization and Low-$T$ Transport},
  author = {Gornyi, I. V. and Mirlin, A. D. and Polyakov, D. G.},
  journal = {Phys. Rev. Lett.},
  volume = {95},
  issue = {20},
  pages = {206603},
  numpages = {4},
  year = {2005},
  month = {Nov},
  publisher = {American Physical Society},
  doi = {10.1103/PhysRevLett.95.206603},
  url = {http://link.aps.org/doi/10.1103/PhysRevLett.95.206603}
}


@article{Basko2006,
title = "Metal–insulator transition in a weakly interacting many-electron system with localized single-particle states ",
journal = "Annals of Physics ",
volume = "321",
number = "5",
pages = "1126 - 1205",
year = "2006",
note = "",
issn = "0003-4916",
doi = "http://dx.doi.org/10.1016/j.aop.2005.11.014",
url = "http://www.sciencedirect.com/science/article/pii/S0003491605002630",
author = "D.M. Basko and I.L. Aleiner and B.L. Altshuler",
}


@article{Altshuler1997,
  title = {Quasiparticle Lifetime in a Finite System: A Nonperturbative Approach},
  author = {Altshuler, Boris L. and Gefen, Yuval and Kamenev, Alex and Levitov, Leonid S.},
  journal = {Phys. Rev. Lett.},
  volume = {78},
  issue = {14},
  pages = {2803--2806},
  numpages = {0},
  year = {1997},
  month = {Apr},
  publisher = {American Physical Society},
  doi = {10.1103/PhysRevLett.78.2803},
  url = {http://link.aps.org/doi/10.1103/PhysRevLett.78.2803}
}




@article{Cutler:1969,
  title={Observation of Anderson localization in an electron gas},
  author={Cutler, Melvin and Mott, Nevill Francis},
  journal={Physical Review},
  volume={181},
  number={3},
  pages={1336},
  year={1969},
  publisher={APS}
}

@article{Billy:2008,
  title={Direct observation of Anderson localization of matter waves in a controlled disorder},
  author={Billy, Juliette and Josse, Vincent and Zuo, Zhanchun and Bernard, Alain and Hambrecht, Ben and Lugan, Pierre and Cl{\'e}ment, David and Sanchez-Palencia, Laurent and Bouyer, Philippe and Aspect, Alain},
  journal={Nature},
  volume={453},
  number={7197},
  pages={891--894},
  year={2008},
  publisher={Nature Publishing Group}
}

@article{Roati:2008,
  title={Anderson localization of a non-interacting Bose--Einstein condensate},
  author={Roati, Giacomo and D’Errico, Chiara and Fallani, Leonardo and Fattori, Marco and Fort, Chiara and Zaccanti, Matteo and Modugno, Giovanni and Modugno, Michele and Inguscio, Massimo},
  journal={Nature},
  volume={453},
  number={7197},
  pages={895--898},
  year={2008},
  publisher={Nature Publishing Group}
}

@article{Semeghini:2015,
  title={Measurement of the mobility edge for 3D Anderson localization},
  author={Semeghini, Giulia and Landini, Manuele and Castilho, Patricia and Roy, Sanjukta and Spagnolli, Giacomo and Trenkwalder, Andreas and Fattori, Marco and Inguscio, Massimo and Modugno, Giovanni},
  journal={Nature Physics},
  volume={11},
  number={7},
  pages={554--559},
  year={2015},
  publisher={Nature Publishing Group}
}

@article{Bitter:2016,
  title = {Experimental Observation of Dynamical Localization in Laser-Kicked Molecular Rotors},
  author = {Bitter, M. and Milner, V.},
  journal = {Phys. Rev. Lett.},
  volume = {117},
  issue = {14},
  pages = {144104},
  numpages = {5},
  year = {2016},
  month = {Sep},
  publisher = {American Physical Society},
  doi = {10.1103/PhysRevLett.117.144104},
  url = {https://link.aps.org/doi/10.1103/PhysRevLett.117.144104}
}



@article{Liao:2015,
  title = {Observation of Anderson Localization in Ultrathin Films of Three-Dimensional Topological Insulators},
  author = {Liao, Jian and Ou, Yunbo and Feng, Xiao and Yang, Shuo and Lin, Chaojing and Yang, Wenmin and Wu, Kehui and He, Ke and Ma, Xucun and Xue, Qi-Kun and Li, Yongqing},
  journal = {Phys. Rev. Lett.},
  volume = {114},
  issue = {21},
  pages = {216601},
  numpages = {5},
  year = {2015},
  month = {May},
  publisher = {American Physical Society},
  doi = {10.1103/PhysRevLett.114.216601},
  url = {http://link.aps.org/doi/10.1103/PhysRevLett.114.216601}
}

@Article{Leykam2017,
author="Leykam, Daniel
and Bodyfelt, Joshua D.
and Desyatnikov, Anton S.
and Flach, Sergej",
title="Localization of weakly disordered flat band states",
journal="The European Physical Journal B",
year="2017",
month="Jan",
day="11",
volume="90",
number="1",
pages="1",
abstract="Certain tight binding lattices host macroscopically degenerate flat spectral bands. Their origin is rooted in local symmetries of the lattice, with destructive interference leading to the existence of compact localized eigenstates. We study the robustness of this localization to disorder in different classes of flat band lattices in one and two dimensions. Depending on the flat band class, the flat band states can either be robust, preserving their strong localization for weak disorder W, or they are destroyed and acquire large localization lengths $\xi$ that diverge with a variety of unconventional exponents $\nu$, $\xi$ {\textasciitilde} 1 /W                                                  $\nu$                .",
issn="1434-6036",
doi="10.1140/epjb/e2016-70551-2",
url="https://doi.org/10.1140/epjb/e2016-70551-2"
}

@article{Bodyfelt2014,
  title = {Flatbands under Correlated Perturbations},
  author = {Bodyfelt, Joshua D. and Leykam, Daniel and Danieli, Carlo and Yu, Xiaoquan and Flach, Sergej},
  journal = {Phys. Rev. Lett.},
  volume = {113},
  issue = {23},
  pages = {236403},
  numpages = {5},
  year = {2014},
  month = {Dec},
  publisher = {American Physical Society},
  doi = {10.1103/PhysRevLett.113.236403},
  url = {https://link.aps.org/doi/10.1103/PhysRevLett.113.236403}
}

@article{Goda2006,
  title = {Inverse Anderson Transition Caused by Flatbands},
  author = {Goda, Masaki and Nishino, Shinya and Matsuda, Hiroki},
  journal = {Phys. Rev. Lett.},
  volume = {96},
  issue = {12},
  pages = {126401},
  numpages = {4},
  year = {2006},
  month = {Mar},
  publisher = {American Physical Society},
  doi = {10.1103/PhysRevLett.96.126401},
  url = {https://link.aps.org/doi/10.1103/PhysRevLett.96.126401}
}

@ARTICLE{Barredo2017,
   author = {{Barredo}, D. and {Lienhard}, V. and {de L{\'e}s{\'e}leuc}, S. and
	{Lahaye}, T. and {Browaeys}, A.},
    title = "{Synthetic three-dimensional atomic structures assembled atom by atom}",
  journal = {ArXiv e-prints},
archivePrefix = "arXiv",
   eprint = {1712.02727},
 primaryClass = "quant-ph",
 keywords = {Quantum Physics, Condensed Matter - Quantum Gases, Physics - Atomic Physics},
     year = 2017,
    month = dec,
   adsurl = {http://adsabs.harvard.edu/abs/2017arXiv171202727B},
  adsnote = {Provided by the SAO/NASA Astrophysics Data System}
}

@article{Shen2010,
  title = {Single Dirac cone with a flat band touching on line-centered-square optical lattices},
  author = {Shen, R. and Shao, L. B. and Wang, Baigeng and Xing, D. Y.},
  journal = {Phys. Rev. B},
  volume = {81},
  issue = {4},
  pages = {041410},
  numpages = {4},
  year = {2010},
  month = {Jan},
  publisher = {American Physical Society},
  doi = {10.1103/PhysRevB.81.041410},
  url = {https://link.aps.org/doi/10.1103/PhysRevB.81.041410}
}

@article{Mukherjee2015,
  title = {Observation of a Localized Flat-Band State in a Photonic Lieb Lattice},
  author = {Mukherjee, Sebabrata and Spracklen, Alexander and Choudhury, Debaditya and Goldman, Nathan and \"Ohberg, Patrik and Andersson, Erika and Thomson, Robert R.},
  journal = {Phys. Rev. Lett.},
  volume = {114},
  issue = {24},
  pages = {245504},
  numpages = {5},
  year = {2015},
  month = {Jun},
  publisher = {American Physical Society},
  doi = {10.1103/PhysRevLett.114.245504},
  url = {https://link.aps.org/doi/10.1103/PhysRevLett.114.245504}
}


@article{slot2017,
  title={Experimental realization and characterization of an electronic Lieb lattice},
  author={Slot, Marlou R and Gardenier, Thomas S and Jacobse, Peter H and van Miert, Guido CP and Kempkes, Sander N and Zevenhuizen, Stephan JM and Smith, Cristiane Morais and Vanmaekelbergh, Daniel and Swart, Ingmar},
  journal={Nature Physics},
  year={2017},
  publisher={Nature Research}
}

@article{drost2017,
  title={Topological states in engineered atomic lattices},
  author={Drost, Robert and Ojanen, Teemu and Harju, Ari and Liljeroth, Peter},
  journal={Nature Physics},
  year={2017},
  publisher={Nature Research}
}



@article{SM,
	author = {see supplementary information}}
	
@article{a_Flach_EPL_14,
    author = {Sergej Flach and Daniel Leykam and Joshua D. Dodyfelt and Peter Matthies and Anton S. Desyatnikov},
     title = "Detangling flat bands into {F}ano lattices",
    journal = "EPL",
    volume = "105",
    year = "2014",
    month = "",
          number        = "",
          pages = "30001"
}

@article{a_Dwivedi_PRB_93,
    author = {Vatsal Dwivedi and Victor Chua},
     title = "Of bulk and boundaries: Generalized transfer matrices for tight binding models",
    journal = "Phys. Rev. B",
    volume = "93",
    year = "2016",
    month = "",
          number        = "",
          pages = "134304-1"
}


@article{MatInverse,
title = "Explicit inverses of some tridiagonal matrices ",
journal = "Linear Algebra and its Applications ",
volume = "325",
number = "1–3",
pages = "7 - 21",
year = "2001",
note = "",
issn = "0024-3795",
doi = "http://dx.doi.org/10.1016/S0024-3795(00)00289-5",
url = "http://www.sciencedirect.com/science/article/pii/S0024379500002895",
author = "C.M. da Fonseca and J. Petronilho",
keywords = "Invertibility of matrices",
keywords = "r-Toeplitz matrices",
keywords = "Orthogonal polynomials ",
abstract = "We give explicit inverses of tridiagonal 2-Toeplitz and 3-Toeplitz matrices which generalize some well-known results concerning the inverse of a tridiagonal Toeplitz matrix. "
}

@article{kernel1,
   author = "Holstein, Barry R.",
   title = "The harmonic oscillator propagator",
   journal = "American Journal of Physics",
   year = "1998",
   volume = "66",
   number = "7",
   pages = "583-589",
   url = "http://scitation.aip.org/content/aapt/journal/ajp/66/7/10.1119/1.18910",
   doi = "http://dx.doi.org/10.1119/1.18910"
}

@article{kernel2,
   author = "Barone, F. A. and Boschi-Filho, H. and Farina, C.",
   title = "Three methods for calculating the Feynman propagator",
   journal = "American Journal of Physics",
   year = "2003",
   volume = "71",
   number = "5",
   pages = "483-491",
   url = "http://scitation.aip.org/content/aapt/journal/ajp/71/5/10.1119/1.1538573",
   doi = "http://dx.doi.org/10.1119/1.1538573"
}

@article{Mattioli2015,
  author={Marco Mattioli and Alexander W Gl{\"a}tzle and Wolfgang Lechner},
  title={From classical to quantum non-equilibrium dynamics of Rydberg excitations in optical lattices},
  journal={New Journal of Physics},
  volume={17},
  number={11},
  pages={113039},
  url={http://stacks.iop.org/1367-2630/17/i=11/a=113039},
  year={2015},
}


@article{Jau2016,
  title={Entangling atomic spins with a Rydberg-dressed spin-flip blockade},
  author={Jau, Y-Y and Hankin, AM and Keating, T and Deutsch, IH and Biedermann, GW},
  journal={Nature Physics},
  volume={12},
  number={1},
  pages={71--74},
  year={2016},
  publisher={Nature Research}
}



@MISC{footnote1,
	note="We use here the term ``regular'' in a loose sense to denote lattices whose primitive lattice (or, if present, basis) vectors all have the same length.",
}