@FOOTNOTE{Note1,key="Note1",note="We use here the term ``regular'' in a loose sense to denote lattices whose primitive lattice vectors all have the same length."}
@FOOTNOTE{Note2,key="Note2",note="Power law exponents \cite {Leykam2017}: $ E = 1:\protect \{\nu _{\xi _1} = 0,\nu _{\xi _2} = 2\protect \}, E = \protect \sqrt  2:\protect \{\nu _{\xi _1} = 2/3,\nu _{\xi _2} = 4/3\protect \},E = 1.8:\protect \{\nu _{\xi _1} = 2,\nu _{\xi _2} = 2\protect \}, E = 2:\protect \{\nu _{\xi _1} = 2/3,\nu _{\xi _2} = 4/3,E = \protect \sqrt  6:\protect \{\nu _{\xi _1} = 0,\nu _{\xi _2} = 2/3\protect \}\protect \} $."}
