@FOOTNOTE{Note1,key="Note1",note="We use here the term ``regular'' in a loose sense to denote lattices whose primitive lattice (or, if present, basis) vectors all have the same length."}
