@article{a_Dwivedi_PRB_93,
    author = {Vatsal Dwivedi and Victor Chua},
     title = "Of bulk and boundaries: Generalized transfer matrices for tight binding models",
    journal = "Phys. Rev. B",
    volume = "93",
    year = "2016",
    month = "",
          number        = "",
          pages = "134304-1"
}


@article{a_Kramer_RPP_93,
    author = {Bernhard Kramer and Angus MacKinnon},
     title = "Localization: theory and experiment",
    journal = "Rep. Prog. Phys",
    volume = "56",
    year = "1993",
    month = "",
          number        = "",
          pages = "1469-1564"
}



@article{a_Flach_EPL_14,
    author = {Sergej Flach and Daniel Leykam and Joshua D. Dodyfelt and Peter Matthies and Anton S. Desyatnikov},
     title = "Detangling flat bands into {F}ano lattices",
    journal = "EPL",
    volume = "105",
    year = "2014",
    month = "",
          number        = "",
          pages = "30001"
}


@article{a_Marcuzzi_PRL_17,
    author = {Matteo Marcuzzi and Minar Ji\v{r}\'{i} and Daniel Barredo and Sylvain de L\'{e}s\'{e}leuc and Henning Labuhn and Thierry Lahaye and Antoine Browaeys and Emanuele Levi and Igor Lesanovsky},
     title = "Facilitation {D}ynamics and {L}ocalization {P}henomena in {R}ydberg {L}attice {G}ases with {P}osition {D}isorder",
    journal = "Phys. Rev. Lett.",
    volume = "118",
    year = "2017",
    month = "",
          number        = "",
          pages = "063606"
}

@article{a_Leykam_PRB_13,
    author = {Daniel Leykam and Sergej Flach and Omri Bahat-Treidel and Anton S. Desyatnikov},
     title = "Flat band states: {D}isorder and nonlinearity",
    journal = "Phys. Rev. B",
    volume = "88",
    year = "2013",
    month = "",
          number        = "",
          pages = "224203"
}

@inbook {b:SSP,
    author = {G. Czycholl},
    editor = {},
    title = {{Theoretische Festk\"orperphysik}},
    pages = {267-279},
    EDITION =    {2nd},
    publisher = {Springer},
    year = {2004},
    chapter = {9},
        ADDRESS =        {},
        isbn = "3-540-20824-0",
        note = {}
}


@inbook {b:Crisanti,
    author = {A. Crisanti, G. Paladin, A. Vulpiani},
    editor = {},
    title = {{Products of Random Matrices in Statistical Physics}},
    pages = {26-29},
    EDITION =    {1st},
    publisher = {Springer},
    year = {1993},
    chapter = {2},
        ADDRESS =        {},
        isbn = "3-540-56575-2",
        note = {}
}




@article{a_Dwivedi_16,
    author = "Vatsal Dwivedi, and Victor Chua",
     title = "Of bulk and boundaries: Generalized tranfer matrices for tight-binding models",
    journal = "Phys. Rev. B",
    volume = "93",
    year = "2016",
    month = "",
          number        = "",
          pages = "134304-1"
}



@article{a_Evers_RMP,
    author = "Ferdinand Evers and Alexander D. Mirlin",
     title = "Anderson transitions",
    journal = "Rev. Mod. Phys",
    volume = "80",
    year = "2008",
    month = "",
          number        = "",
          pages = "1355"
}


@article{a_Leykam_EPJB,
    author = "Daniel Leykam and Joshua D. Bodyfelt and Anton S. Desyatnikov and Sergej Flach",
     title = "Localisation of weakly disordered falt band states",
    journal = "Eur. Phys. J. B",
    volume = "90",
    year = "2017",
    month = "",
          number        = "",
          pages = "1"
}


@article{a_Einstein_PR,
    author = "A. Einstein and B. Podolsky and N.Rosen",
     title = "Can {Q}uantum-{M}echanical {D}escription of {P}hysical {R}eality {B}e {C}onsidered {C}omplete?",
    journal = "Phys. Rev.",
    volume = "47",
    year = "1935",
    month = "",
          number        = "",
          pages = "777"
}




@BOOKLET{bokv,
    key = "Otto 2004",
    editor = "{Otto GmbH \& Co KG}",
    title = "Grunds{\"a}tze",
    month = "",
    year = "",
    url = "http://www.otto.com/umwelt/umwelt_grundindex.html",
    l3astchecked = "5.\,Okt.\,2004",
    note = "Einstiegsseite zum Unternehmensleitbild",
}

@inbook {ibv:1a1e,
    author = {M. Broy},
    editor = {M. Editor},
    title = {{Object-oriented Programming and Software Development - A Critical Assessment}},
    pages = {211 - 222},
    EDITION =	 {1st},
    publisher = {Springer},
    year = {2002},
    chapter = {4},
  	ADDRESS =	 {Rudower Chaussee},
  	isbn = "3-540-21835-1",
  	note = {Hier stehen die Anmerkungen.}
}

@INCOLLECTION{ic:1a,
AUTHOR={Fichter Josef},
TITLE={Harmonisierung in den versch. Bereichen des Patentwesens},
BOOKTITLE={Patente und Schutzrechte},
EDITOR={Rafeiner Otmar},
EDITION={2.},
ADDRESS =	 {Rudower Chaussee},
chapter = {4},
PAGES={18-26},
YEAR={1993},
PUBLISHER={Manz Wien},
note = {Hier stehen die Anmerkungen.}
}

@INPROCEEDINGS{ipcv:Xa,
   AUTHOR = {Z. Salah and D. Bartz and F. Dammann and E. Schwaderer and M. Maassen and W. Stra{\ss}er},
   TITLE = {{A Fast and Accurate Approach for the Segmentation of the Paranasal Sinus}},
   BOOKTITLE = {Proc. of Workshop Bildverarbeitung in der Medizin},
   SERIES = {Informatik Aktuell},
   PAGES = {3000},
   YEAR = {2005},
   KEYWORDS = {GRIS},
   ADDRESS =	 {Rudower Chaussee},
   publisher = {herausgebende Organisation },
       isbn = "3-540-21835-1",
}

@inproceedings{ip:2a0h,
    author = "Vlad Coroama and Felix R{\"o}thenbacher",
    title = "The Chatty Environment",
    booktitle = "Demo at the Second Conference on Pervasive Computing and Communications (PerCom 2004)",
    year = "2004",
    month = mar,
    day = "14-17",
    address = "Orlando, Florida"
}



@mastersthesis{mthesis,
author = {Stephan Weibelzahl},
title = {Conception, Implementation, and Evaluation of a Case based learnin System for sales support in the internet},
year = {1999},
school = {Universit\"at Trier}
}

@Manual{manual,
  title = 	 {Sizzle Embedding Manual},
  author =	 {Martin Grabm{\"u}ller},
  edition =	 {0.0.30},
  month =	 {December},
  year =	 {2000},
  organization = {HU Berlin},
  address = {Rudower Chaussee},
  note = {This manual documents how to embed the Sizzle library into
              programs written in the C programming language.  Programs
              which embed Sizzle can make use of Scheme as an extension
              language.}
}

@misc{m:2a0h,
    author = "Kay R{\"o}mer and Friedemann Mattern",
    title = "Scientific Report on the ESF Exploratory Workshop on Wireless Sensor Networks",
    year = "2004",
    month = jun,
    howpublished = "http://www.vs.inf.ethz.ch/publ/papers/esfreport.pdf"
}

@phdthesis{phdthesis,
  author = {Th. Hermes},
  title = {Texturen: Analyse, Beschreibung und Synthese},
  school = {Universit�t Bremen, FB 3},
  year = {1999},
  note = {erschienen in der DISKI-Reihe mit der Nummer 216}
}


}@proceedings{p:0a2h,
    editor = "Alois Ferscha and Friedemann Mattern",
    title = "Pervasive Computing (Proceedings of PERVASIVE 2004, Second International Conference on Pervasive Computing)",
    series = "LNCS",
    number = "3001",
    publisher = "Springer-Verlag",
    isbn = "3-540-21835-1",
    year = "2004",
    month = apr,
    day = "18-23",
    address = "Lienz/Vienna, Austria",
    note = {Online version of the proceedings at www.springerlink.com}
}



@TechReport{techreport,
  author	= "Kurt Lautenbach",
  title		= "{Logical Reasoning and Petri Nets}",
  publisher	= "{Universit{\"a}t Koblenz-Landau}",
  year		= "{2002}",
  type		= "Fachberichte Informatik",
  number	= "12--2002",
  language	= "english",
  address	= "Universit{\"a}t Koblenz-Landau, Institut f{\"u}r
		  Informatik, Rheinau 1, D-56075 Koblenz",
  url		= "http://www.uni-koblenz.de/fb4/publikationen/gelbereihe/RR-12-2002.pdf"
		  ,
  note	= "The main result of the paper states that a set $F$ of
		  propositional-logic formulas is contradictory iff in all
		  net representations of $F$ the empty marking is
		  reproducible."
}

@unpublished{unpublished,
  author = { Lars Gemeinhardt },
  school = { Technische Universitaet Chemnitz },
  title = { Diplomarbeit - WebIS: Ein web-orientiertes Informationssystem (WEBIS) },
  year = { 2001 }
}


@article{a_Castelnovo_2005,
title = {From quantum mechanics to classical statistical physics: Generalized Rokhsar Kivelson Hamiltonians and the Stochastic Matrix Form decomposition},
journal = "Annals of Physics",
volume = "318",
number = "2",
pages = "316 - 344",
year = "2005",
note = "",
issn = "0003-4916",
doi = "http://dx.doi.org/10.1016/j.aop.2005.01.006",
url = "http://www.sciencedirect.com/science/article/pii/S0003491605000096",
author = "Claudio Castelnovo and Claudio Chamon and Christopher Mudry and Pierre Pujol",
keywords = "Quantum dimers",
keywords = "Loop models",
keywords = "Rokhsar–Kivelson Hamiltonians",
keywords = "Master equation",
keywords = "Transition matrix"
}
